Date,Description,Amount (SAR),Balance (SAR)
2026-04-15,Salary April 2026,+12000.00,12000.00
2026-04-16,POS HYPER PANDA RIYADH,-125.50,11874.50
2026-04-17,POS ALBAIK,-45.00,11829.50
2026-04-18,POS STARBUCKS RIYADH,-28.00,11801.50
2026-04-19,TRANSFER AHMED ALOMAR,-500.00,11301.50
2026-04-20,POS CAREEM,-22.00,11279.50
2026-04-21,POS ALNAHDI PHARMACY,-87.00,11192.50
2026-04-22,BILL STC,-149.00,11043.50
2026-04-23,POS NETFLIX,-49.00,10994.50
2026-04-24,POS MCDONALDS,-38.50,10956.00
